<record><leader>00000cas a22000007a 4500</leader><controlfield tag="001">10181894</controlfield><controlfield tag="008">831202d18511884njuwr ne      0    0eng d</controlfield><datafield ind1=" " ind2=" " tag="010"><subfield code="a">sn 83032103 </subfield></datafield><datafield ind1=" " ind2=" " tag="040"><subfield code="a">NPU</subfield><subfield code="b">eng</subfield><subfield code="c">NPU</subfield><subfield code="d">NPX</subfield><subfield code="d">NPA</subfield><subfield code="d">NJW</subfield><subfield code="d">OCLCQ</subfield><subfield code="d">DLC</subfield><subfield code="d">OCLCF</subfield><subfield code="d">OCLCA</subfield></datafield><datafield ind1="1" ind2=" " tag="029"><subfield code="a">AU@</subfield><subfield code="b">000025834719</subfield></datafield><datafield ind1=" " ind2=" " tag="042"><subfield code="a">msc</subfield></datafield><datafield ind1=" " ind2=" " tag="043"><subfield code="a">n-us-nj</subfield></datafield><datafield ind1="0" ind2="0" tag="245"><subfield code="a">West-Jersey pioneer.</subfield></datafield><datafield ind1=" " ind2=" " tag="260"><subfield code="a">Bridgeton, N.J. :</subfield><subfield code="b">[James B. Ferguson]</subfield></datafield><datafield ind1=" " ind2=" " tag="300"><subfield code="a">v. ;</subfield><subfield code="c">68 cm.</subfield></datafield><datafield ind1=" " ind2=" " tag="310"><subfield code="a">Weekly</subfield></datafield><datafield ind1="1" ind2=" " tag="362"><subfield code="a">Began in 1851; ceased with Jan. 3, 1884 issue.</subfield></datafield><datafield ind1=" " ind2=" " tag="500"><subfield code="a">Publishers: Franklin Ferguson, 1851-1855; Franklin &amp; James B. Ferguson, 1855-1856; James B. Ferguson, 1856-1874; Mrs. L.M. Ferguson, 1874; M'Cowan &amp; Nichols, 1874-&lt;1883&gt;.</subfield></datafield><datafield ind1=" " ind2=" " tag="500"><subfield code="a">Editors: Franklin Ferguson, 1851-1856; James B. Ferguson, 1856-1874; George W. M'Cowan, 1874-&lt;1883&gt;; Isaac T. Nichols, 1874-&lt;1883&gt;.</subfield></datafield><datafield ind1=" " ind2=" " tag="588"><subfield code="a">Description based on: Vol. 16, no. 796 (Apr. 6, 1863).</subfield></datafield><datafield ind1=" " ind2="0" tag="651"><subfield code="a">Bridgeton (N.J.)</subfield><subfield code="v">Newspapers.</subfield></datafield><datafield ind1=" " ind2="7" tag="655"><subfield code="a">Newspapers.</subfield><subfield code="2">fast</subfield><subfield code="0">(OCoLC)fst01423814</subfield></datafield><datafield ind1=" " ind2="7" tag="651"><subfield code="a">New Jersey</subfield><subfield code="z">Bridgeton.</subfield><subfield code="2">fast</subfield><subfield code="0">(OCoLC)fst01222549</subfield></datafield><datafield ind1=" " ind2=" " tag="752"><subfield code="a">United States</subfield><subfield code="b">New Jersey</subfield><subfield code="c">Cumberland</subfield><subfield code="d">Bridgeton.</subfield></datafield><datafield ind1="0" ind2="0" tag="780"><subfield code="t">West-Jersey pioneer, and Cumberland and Cape May advertiser</subfield><subfield code="w">(DLC)sn 85035742</subfield><subfield code="w">(OCoLC)13084975</subfield></datafield><datafield ind1="0" ind2="0" tag="785"><subfield code="t">Bridgeton pioneer</subfield><subfield code="w">(DLC)sn 87068192</subfield><subfield code="w">(OCoLC)15682940</subfield></datafield></record>